!INVITEM	NAME	INVITEMTYPE	DESC	PURCHASEDESC	ACCNT	ASSETACCNT	COGSACCNT	PRICE	COST	TAXABLE	PAYMETH	TAXVEND	TAXDIST	PREFVEND	REORDERPOINT	EXTRA
INVITEM	SMALL GREEN SUITCASE 	part	SMALL GREEN SUITCASE 					5								
INVITEM	BUNDLES OF FAUX MONEY	part	BUNDLES OF FAUX MONEY					2								
INVITEM	1940'S BLACK TELEPHONE	part	1940'S BLACK TELEPHONE					20								
!CLASS	NAME
CLASS	class
!TRNS	TRNSID	TRNSTYPE	DATE	ACCNT	NAME	CLASS	AMOUNT	DOCNUM	MEMO	CLEAR	TOPRINT	NAMEISTAXABLE	ADDR1	ADDR3	TERMS	SHIPVIA	SHIPDATE
!SPL	SPLID	TRNSTYPE	DATE	ACCNT	NAME	CLASS	AMOUNT	DOCNUM	MEMO	CLEAR	QNTY	PRICE	INVITEM	TAXABLE	EXTRA
!ENDTRNS
TRNS		INVOICE			CINDY												
SPL		INVOICE							SMALL GREEN SUITCASE 	N	1	5	SMALL GREEN SUITCASE 	Y	
SPL		INVOICE							BUNDLES OF FAUX MONEY	N	6	2	BUNDLES OF FAUX MONEY	Y	
SPL		INVOICE							1940'S BLACK TELEPHONE	N	1	20	1940'S BLACK TELEPHONE	Y	
ENDTRNS
